%%
%% WinShell 3.3.2.4
%% http://www.winshell.org/
%%

% Strings


% Preamble


% BibTeX Entries
@book{mlcba,
 author               = {Marco Gori},
 publisher            = {Morgan Kaufmann},
 title                = {Machine Learning: A Constraint-Based Approach},
 year                 = {2017},
 }
% journal              = {Unbekannte Zeitschrift},
@misc{cs231n,
	author							= {Andrej Karpathy, Justin Johnson},
	title								= {{CS231n: Convolutional Neural Networks for Visual Recognition}},
	howpublished				= {\url{http://cs231n.github.io/}},
	note								= {Stanford CS231n lecture notes. Accessed: 2019-01-07}
}

@book{sodei,
 author = {Hairer, E. and N{\o}rsett, S. P. and Wanner, G.},
 title = {Solving Ordinary Differential Equations I (2Nd Revised. Ed.): Nonstiff Problems},
 year = {1993},
 isbn = {0-387-56670-8},
 publisher = {Springer-Verlag},
 address = {Berlin, Heidelberg},
} 

@book{ocatcov,
  title={Optimal Control and the Calculus of Variations},
  author={Pinch, E.R.},
  isbn={9780191590498},
  year={1993},
  publisher={OUP Oxford}
}

@book{mtoop,
  title={Mathematical Theory of Optimal Processes},
  author={Pontryagin, L.S.},
  isbn={9782881240775},
  lccn={86004732},
  series={Classics of Soviet Mathematics},
  year={1987},
  publisher={Taylor \& Francis}
}


@misc{os,
	author							= {Sebastian Sager},
	title								= {{Optimale Steuerung}},
	note								= {Lecture notes. OvGU Magdeburg. Accessed: 2016-03-11 (unpublished)}
}
	%howpublished				= {\url{http://cs231n.github.io/}},
@misc{ngd,
	author							= {Lutz Tobiska},
	title								= {{Numerik gew√∂hnlicher Differentialgleichungen}},
	note								= {Lecture notes. OvGU Magdeburg. Accessed: 2015-10-21 (unpublished)}
}
	%howpublished				= {\url{http://cs231n.github.io/}},
	
@article{safdnn,
  author    = {Eldad Haber and
               Lars Ruthotto},
  title     = {Stable Architectures for Deep Neural Networks},
  journal   = {CoRR},
  volume    = {abs/1705.03341},
  year      = {2017},
  url       = {http://arxiv.org/abs/1705.03341},
  archivePrefix = {arXiv},
  eprint    = {1705.03341},
  timestamp = {Mon, 13 Aug 2018 16:46:40 +0200},
  biburl    = {https://dblp.org/rec/bib/journals/corr/HaberR17},
  bibsource = {dblp computer science bibliography, https://dblp.org}
}

@article{aocatdl,
  author    = {Qianxiao Li and
               Shuji Hao},
  title     = {An Optimal Control Approach to Deep Learning and Applications to Discrete-Weight
               Neural Networks},
  journal   = {CoRR},
  volume    = {abs/1803.01299},
  year      = {2018},
  url       = {http://arxiv.org/abs/1803.01299},
  archivePrefix = {arXiv},
  eprint    = {1803.01299},
  timestamp = {Mon, 13 Aug 2018 16:47:03 +0200},
  biburl    = {https://dblp.org/rec/bib/journals/corr/abs-1803-01299},
  bibsource = {dblp computer science bibliography, https://dblp.org}
}

@article{mpbafdl,
  author    = {Qianxiao Li and
               Long Chen and
               Cheng Tai and
               Weinan E},
  title     = {Maximum Principle Based Algorithms for Deep Learning},
  journal   = {CoRR},
  volume    = {abs/1710.09513},
  year      = {2017},
  url       = {http://arxiv.org/abs/1710.09513},
  archivePrefix = {arXiv},
  eprint    = {1710.09513},
  timestamp = {Mon, 13 Aug 2018 16:46:19 +0200},
  biburl    = {https://dblp.org/rec/bib/journals/corr/abs-1710-09513},
  bibsource = {dblp computer science bibliography, https://dblp.org}
}
